
@misc{filesigs,
    author = "Gary Kessler",
    title = "File Signatures",
    year = "2025",
    note = "\url{https://web.archive.org/web/20250620072537/https://www.garykessler.net/software/index.html#filesigs}",
}

@misc{nlohmann_json,
    author = "Niels Lohmann",
    title = "JSON for Modern C++",
    year = "2025",
    note = "\url{https://github.com/nlohmann/json}"
}

@article{kuraku2020emotet,
  title={Emotet malwareâ€”a banking credentials stealer},
  author={Kuraku, Sivaraju and Kalla, Dinesh},
  journal={Iosr J. Comput. Eng},
  volume={22},
  pages={31--41},
  year={2020}
}


@article{suhardjono2022forensic,
  title={Forensic analysis video metadata authenticity detection using Exiftool},
  author={Suhardjono, Suhardjono and Handayani, Popon and Sugiarto, Hari and Aisyah, Nurul and Putra, Arman Syah},
  journal={Journal of Innovation Research and Knowledge},
  volume={1},
  number={12},
  pages={1727--1734},
  year={2022}
}
